2300 3884
160 244 230 314 ’σε
269 293 271 296 .
303 225 311 306 J
383 241 401 264 ’·
437 249 815 311 Δααοεοεαουπ

126 367 139 397 ⁶
167 397 334 507 χεείπώλίν
350 400 421 474 πρὸς
434 403 501 467 τούς
516 407 661 478 Θηβαίους
675 403 883 485 πολεμήσαιμεν
896 401 940 463 δι’
952 401 1087 477 Ὠρωπόν

167 483 230 558 ήτι
248 489 304 542 τών
320 490 415 558 ἰδίων,
436 485 558 547 ούδέυ
540 511 578 544 αν
593 484 667 561 ἡμᾶς
687 487 824 547 παθεῖν
806 493 944 564 ηχούμαι·
965 493 1014 547 καί
1027 489 1092 564 χόιρ

143 567 234 642 ήμῖν
247 567 385 648 κάκείνοις
399 571 465 636 τούς
480 570 709 646 βοηθήσοντας“
692 596 728 630 αν
744 574 831 647 οἶμαι,
852 572 936 640 είς
905 597 958 650 την
973 579 1087 634 οἰκείαν

169 658 199 712 εί
206 677 250 721 τις
264 655 393 729 ἐμβάλοι,
409 660 545 730 βοηθεῖν,
568 655 611 714 ον’
619 657 897 731 συνεπιστρατεύσειν
913 655 1085 731 ούδετέροις.
1101 655 1105 662 “

142 741 216 801 ύκαλ
233 739 286 812 χοῖρ
309 742 339 796 αλ
353 745 504 812 συμμαχίαι
525 745 628 800 τοῦτον
647 741 789 842 ἔχουσι
760 765 810 802 τον
832 744 956 817 τρόπον,
981 765 1021 800 ων
1031 745 1086 801 καί

169 823 380 897 φροντίσειευ”
363 847 398 882 αν
420 847 476 898 τις,
500 827 549 882 καὶ
568 828 601 884 τό
618 829 734 899 πρᾶγμα
754 826 839 899 φύσει
853 826 985 886 τολούτύν
997 827 1084 886 ἐστιν.

72 905 78 913 ’
168 906 222 966 αύκ
237 905 301 981 όιχρι
314 913 363 980 τῆς
378 912 440 982 ἴσης
453 908 568 976 ἕκαστός
582 910 771 977 ἐστιν”ευνονς
783 909 850 971 οὔθ’
864 910 934 986 ἡμῖν
947 910 1086 985 ⁰61qu-
1105 920 1107 923 ’

168 997 268 1070 βαίοις,
281 989 350 1063 ώςτε
365 997 418 1060 σοῖς
431 1004 460 1052 τε
475 995 548 1052 εἶναι
562 998 611 1053 καί
627 1003 742 1068 κρατεῖν
755 1002 813 1055 τών
828 995 926 1069 ἄλλων,
944 994 1012 1054 ἄλλα
1025 1001 1085 1064 σοῖς

168 1078 219 1150 μεν
235 1078 308 1136 εῖναι
322 1077 427 1144 πάντες
445 1076 483 1136 ’διν
499 1079 648 1154 βούλοιντο
666 1076 740 1154 ἕνεχ’
757 1079 866 1154 αύτών,
889 1081 1085 1155 κρατήσαντας

128 1163 161 1218 10
170 1162 200 1220 δὲ
215 1162 282 1228 τούς
295 1156 406 1235 ἑτέρους
418 1162 585 1228 δεσπότας
567 1164 704 1235 υποίρχειν
720 1161 814 1224 αύτών
830 1164 896 1224 ούδδ
909 1167 958 1230 είς.
985 1171 1014 1222 τί
1027 1160 1084 1223 ούν

166 1244 289 1321 ήχούμαι
301 1249 434 1322 φοβερὸν,
445 1271 493 1305 και
483 1251 532 1304 τί
541 1237 726 1320 φυλάξασθαί
737 1272 810 1322 φημι
823 1248 913 1309 δεῖν
895 1254 985 1324 ημολςς
1000 1247 1084 1316 ὅπως

125 1339 141 1364 ’
167 1333 205 1405 μή
218 1331 316 1403 κοινήν
328 1331 486 1404 πρόφασιν
491 1334 539 1388 καί
558 1332 656 1390 κοινὸν
671 1332 820 1407 ἔγκλημα
805 1358 820 1393 ο
830 1336 942 1407 με’λλων
958 1332 1083 1406 πόλεμος
1129 1377 1135 1392 ,

166 1417 237 1488 πρὸς
253 1438 380 1482 απαντας
395 1415 476 1492 λώβη.
507 1415 576 1475 εί
545 1440 598 1490 χαρ
610 1416 720 1491 Ἀργεῖοι
733 1441 785 1491 μεν
798 1443 846 1477 και
837 1418 1014 1492 Μεσσήνωι
1030 1421 1082 1476 καί

166 1507 393 1573 Μεγαλοπολῖται
405 1507 454 1560 καί
467 1523 539 1566 τινες
553 1506 610 1560 τών
627 1508 732 1561 λοιπῶν
746 1500 993 1577 Πελοποννησίων,
1017 1500 1083 1561 ὅσοι

126 1585 202 1652 Ῑότὰ
217 1584 289 1644 αύτὰ
306 1587 419 1652 τούτοις
438 1591 593 1660 φρονοῦσι,
616 1589 668 1645 δτιῖ
683 1590 734 1660 τήν
755 1590 828 1662 πρὸς
840 1592 1082 1660 Λακεδαιμονίους

165 1669 233 1745 ἡμῖν
252 1671 449 1745 ἐπικηρυκείαν
469 1673 578 1744 ἐχθρῶς
594 1672 726 1779 σχήσουσι
743 1677 790 1731 καλ
805 1673 837 1732 τὸ
855 1678 949 1732 δοκεῖν
969 1672 1080 1744 ἐκδέχε-

166 1760 238 1814 σθαί
248 1780 275 1814 τι
289 1763 345 1815 τών
359 1757 475 1822 ἐκείνοις
491 1759 708 1830 πεπραγμένων,
733 1759 896 1834 Θήβαῖοιδέ
911 1759 1004 1830 ἔχουσι
1016 1758 1081 1829 μὲν,

4 1842 6 1844 ’
98 1913 104 1919 .
167 1829 360 1912 ώςλέχουσιν,
381 1839 529 1943 ώπεχθώς,
557 1842 640 1898 ἐτιδέ
654 1843 829 1917 ἐχθροτέρως
846 1844 1018 1948 σχήσουσιν,
1033 1839 1080 1900 ὅτι

167 1922 233 1989 τούς
252 1945 310 1998 παρ
316 1924 451 1983 ’ἐκείνων
473 1926 631 1997 φεύγοντας
653 1926 787 2000 σώζομεν
793 1931 841 1986 καλ
856 1928 950 1985 πάντα
968 1925 1079 2000 τρόπον

124 2006 218 2080 2οτὴν
232 2009 395 2087 δυςμὲνειαμ
411 2009 608 2081 ἐνδεικνύμεθ’
624 2008 729 2084 αύτοῖς,
746 2016 878 2072 Θετταλοὶ
894 2008 933 2084 δ’,
950 2007 996 2070 ὅτι
1008 2011 1077 2077 τούς

152 2093 289 2152 ,Φωκίων
303 2094 431 2166 φυχύδας
446 2096 583 2167 σώζομεν,
596 2102 733 2162 Φίλιππος
748 2096 831 2171 δέ,”
812 2121 859 2165 οτι
869 2093 1013 2167 κωλύομεν
1026 2092 1078 2153 αύ·
1147 2102 1148 2105 ’

84 2185 89 2199 “
166 2177 377 2237 τὸνίκοιυωνεῖν
391 2183 440 2253 τῆς
456 2177 671 2253 ἀμφικτυονίας,
682 2186 826 2256 φοβοῦμαι
840 2182 878 2256 μή
894 2178 997 2244 πάντες
1010 2181 1119 2251 περλ62

38 2265 45 2274 ’
167 2267 225 2322 τών
250 2258 330 2322 ίδίωυ
351 2264 465 2332 ἕκαστος
483 2261 662 2336 ὀργιζόμενος
683 2267 780 2325 κοινὸν
800 2264 851 2339 ἐφ’
867 2264 940 2338 ἡμᾶς
953 2262 1079 2337 ώχύχωσι

166 2347 218 2406 τὸν
231 2349 370 2422 πόλεμον,
392 2347 427 2406 τὰ
442 2353 500 2408 τών
513 2347 721 2421 Ἀμφικτυόνων
743 2350 870 2423 δόγματα
886 2348 1079 2423 προστησώμε·

120 2437 160 2494 25
167 2455 221 2505 νοι,
240 2432 295 2491 εἴτ’
308 2434 522 2504 ἐπισπασθῶσιν
534 2435 646 2493 ἕκαστοι
657 2435 730 2508 πέρα
741 2440 792 2493 τού
808 2436 1000 2508 συμφέροντος
1011 2435 1079 2491 ἑαυ-

166 2525 226 2582 τοῖς
239 2515 307 2591 ἡμῖν
323 2523 485 2591 πολεμῆσαι,
499 2516 592 2592 ώςπερ
603 2523 651 2578 ιιαλ
664 2523 730 2592 περλ
745 2521 866 2587 Φωκέας.
886 2524 943 2578 ίστε
956 2517 1010 2591 γὰρ
1026 2518 1077 2590 δή·

165 2622 224 2659 που
242 2601 344 2676 τοῦθ’,
372 2601 417 2662 ὅτι
438 2608 491 2662 νύν
505 2608 630 2678 Θηβαῖοί
647 2606 696 2660 καί
717 2608 853 2670 Φίλιππος
873 2607 922 2661 καί
941 2603 1078 2663 Θετταλοί

167 2682 228 2757 ούχῖ
248 2685 339 2746 ταύτὰ
363 2689 474 2747 ἕκαστον
495 2689 614 2762 μάλιστα
636 2688 843 2755 ἐσπουδακότες
862 2687 950 2748 ταύτὰ
969 2685 1077 2751 πάντες

96 2829 101 2835 ,
139 2770 301 2844 ἔπραξαν,
316 2767 377 2832 οίον
390 2773 552 2847 Θηβαῖοι
524 2796 576 2832 τον
588 2773 786 2844 μενΦίλιππον
799 2781 951 2846 παρελθεῖν
965 2773 1015 2830 καλ
1027 2779 1076 2830 λα·

33 2863 36 2874 “
89 2922 92 2927 *
124 2851 272 2932 3οβεῖν
243 2880 293 2922 τας
303 2858 448 2932 παρόδους
464 2855 516 2916 ούκ
528 2855 670 2945 ήδύναντο
682 2863 812 2930 κωλύσαι,
830 2857 897 2917 ούδί
908 2879 938 2930 χε
951 2861 1010 2915 τών
1024 2853 1076 2914 66-

166 2949 228 3006 τοῖς
240 2940 478 3016 πεπονημένων”
458 2961 580 3000 υστατον
595 2919 762 3001 ἐλθόντα
734 2967 785 3016 την
800 2943 916 3013 δόξαν
902 2957 986 3014 εχειν·
1009 2941 1076 3000 νυνλ

130 3025 220 3098 χδιρ
216 3030 372 3101 Θηβαίοις
386 3029 456 3101 πρὸς
472 3027 569 3099 μέν
536 3050 573 3089 το
587 3028 639 3101 τήν
653 3047 749 3100 χώραν
757 3032 928 3100 κεκομισθαι
943 3027 1076 3085 κώλλιστα

85 3133 88 3138 ·
166 3110 341 3189 πέπρακται,
361 3113 432 3186 πρὸς
448 3113 479 3170 δέ
496 3112 581 3185 τιμήν
594 3115 644 3170 καλ
663 3111 751 3181 δόξαν
766 3115 908 3184 αἴσχιστα·
930 3109 1004 3169 εἰ
971 3110 1024 3183 χείρ
1036 3109 1075 3182 μὴ

155 3199 296 3268 παρῆλθε
313 3201 457 3266 Φίλιππος,
478 3193 558 3273 οὐδὲν
574 3193 610 3254 ι’ίιν
621 3190 717 3261 αύτοῖζς
732 3195 823 3254 ἐδόκει
837 3197 919 3260 εἶναι.
941 3199 1032 3259 ταύτα
1043 3189 1075 3250 δ’

95 3271 98 3281 ’
125 3280 160 3340 66
169 3275 220 3338 ούκ
229 3277 396 3354 ήβούλοντο,
411 3278 479 3338 ἀλλὰ
491 3285 530 3357 τῷ
545 3280 596 3339 τὸν
608 3277 778 3353 Ὀρχομενὸν
791 3283 839 3340 καί
851 3281 903 3353 τήν
910 3279 1076 3353 Κορώνειαν

165 3368 264 3442 λαβεῖν
275 3365 434 3442 ἐπιθυμεῖν,
447 3365 485 3441 μή
499 3365 643 3426 δύνασθαι
651 3366 692 3442 δὲ,
707 3361 897 3426 πάνταταῦθ
910 3362 1075 3438 ύπέμειναν.

883 3537 897 3624 ἐν
